@article{hochreiter1997long,
  doi={10.1162/neco.1997.9.8.1735},
  title={Long short-term memory},
  author={Hochreiter, Sepp and Schmidhuber, J{\"u}rgen},
  journal={Neural computation},
  volume={9},
  number={8},
  pages={1735--1780},
  year={1997},
  publisher={MIT Press}
}

@inproceedings{vaswani2017attention,
  title={Attention is all you need},
  author={Vaswani, Ashish and Shazeer, Noam and Parmar, Niki and Uszkoreit, Jakob and Jones, Llion and Gomez, Aidan N and Kaiser, {\L}ukasz and Polosukhin, Illia},
  booktitle={Proceedings of the 31st International Conference on Neural Information Processing Systems},
  pages={6000--6010},
  year={2017}
}

@inproceedings{devlin2019bert,
  doi={10.18653/v1/N19-1423},
  title={BERT: Pre-training of Deep Bidirectional Transformers for Language Understanding},
  author={Devlin, Jacob and Chang, Ming-Wei and Lee, Kenton and Toutanova, Kristina},
  booktitle={Proceedings of the 2019 Conference of the North American Chapter of the Association for Computational Linguistics: Human Language Technologies, Volume 1 (Long and Short Papers)},
  pages={4171--4186},
  year={2019}
}

@inproceedings{kang2019decoupling,
  title={Decoupling Representation and Classifier for Long-Tailed Recognition},
  author={Kang, Bingyi and Xie, Saining and Rohrbach, Marcus and Yan, Zhicheng and Gordo, Albert and Feng, Jiashi and Kalantidis, Yannis},
  booktitle={International Conference on Learning Representations},
  year={2020}
}

@inproceedings{lin2017focal,
  doi={10.1109/ICCV.2017.324},
  title={Focal Loss for Dense Object Detection},
  author={Lin, Tsung-Yi and Goyal, Priya and Girshick, Ross and He, Kaiming and Doll{\'a}r, Piotr},
  booktitle={2017 IEEE International Conference on Computer Vision (ICCV)},
  pages={2999--3007},
  year={2017},
  organization={IEEE}
}

@inproceedings{cui2019class,
  doi={10.1109/CVPR.2019.00949},
  title={Class-Balanced Loss Based on Effective Number of Samples},
  author={Cui, Yin and Jia, Menglin and Lin, Tsung-Yi and Song, Yang and Belongie, Serge},
  booktitle={2019 IEEE/CVF Conference on Computer Vision and Pattern Recognition (CVPR)},
  pages={9260--9269},
  year={2019},
  organization={IEEE}
}

@inproceedings{menon2020long,
  title={Long-tail learning via logit adjustment},
  author={Menon, Aditya Krishna and Jayasumana, Sadeep and Rawat, Ankit Singh and Jain, Himanshu and Veit, Andreas and Kumar, Sanjiv},
  booktitle={International Conference on Learning Representations},
  year={2021}
}

@inproceedings{mikolov2013distributed,
  title={Distributed representations of words and phrases and their compositionality},
  author={Mikolov, Tomas and Sutskever, Ilya and Chen, Kai and Corrado, Greg and Dean, Jeffrey},
  booktitle={Proceedings of the 26th International Conference on Neural Information Processing Systems-Volume 2},
  pages={3111--3119},
  year={2013}
}

@inproceedings{levy2014neural,
  title={Neural word embedding as implicit matrix factorization},
  author={Levy, Omer and Goldberg, Yoav},
  booktitle={Proceedings of the 27th International Conference on Neural Information Processing Systems-Volume 2},
  pages={2177--2185},
  year={2014}
}

@article{graves2005framewise,
  doi={10.1016/j.neunet.2005.06.042},
  title={Framewise phoneme classification with bidirectional LSTM and other neural network architectures},
  author={Graves, Alex and Schmidhuber, J{\"u}rgen},
  journal={Neural networks},
  volume={18},
  number={5-6},
  pages={602--610},
  year={2005},
  publisher={Elsevier}
}

@inproceedings{cheng2016long,
  doi={10.18653/v1/D16-1053},
  title={Long Short-Term Memory-Networks for Machine Reading},
  author={Cheng, Jianpeng and Dong, Li and Lapata, Mirella},
  booktitle={Proceedings of the 2016 Conference on Empirical Methods in Natural Language Processing},
  pages={551--561},
  year={2016}
}

@inproceedings{he2016deep,
  doi={10.1109/CVPR.2016.90},
  title={Deep Residual Learning for Image Recognition},
  author={He, Kaiming and Zhang, Xiangyu and Ren, Shaoqing and Sun, Jian},
  booktitle={2016 IEEE Conference on Computer Vision and Pattern Recognition (CVPR)},
  pages={770--778},
  year={2016},
  organization={IEEE}
}

@article{ba2016layer,
  title={Layer normalization},
  author={Ba, Jimmy Lei and Kiros, Jamie Ryan and Hinton, Geoffrey E},
  journal={arXiv preprint arXiv:1607.06450},
  year={2016}
}

@inproceedings{glorot2010understanding,
  title={Understanding the difficulty of training deep feedforward neural networks},
  author={Glorot, Xavier and Bengio, Yoshua},
  booktitle={Proceedings of the thirteenth international conference on artificial intelligence and statistics},
  pages={249--256},
  year={2010},
  organization={JMLR Workshop and Conference Proceedings}
}

@inproceedings{yang2016hierarchical,
  doi={10.18653/v1/N16-1174},
  title={Hierarchical attention networks for document classification},
  author={Yang, Zichao and Yang, Diyi and Dyer, Chris and He, Xiaodong and Smola, Alex and Hovy, Eduard},
  booktitle={Proceedings of the 2016 conference of the North American chapter of the association for computational linguistics: human language technologies},
  pages={1480--1489},
  year={2016}
}

@inproceedings{glorot2011deep,
  title={Deep sparse rectifier neural networks},
  author={Glorot, Xavier and Bordes, Antoine and Bengio, Yoshua},
  booktitle={Proceedings of the fourteenth international conference on artificial intelligence and statistics},
  pages={315--323},
  year={2011},
  organization={JMLR Workshop and Conference Proceedings}
}

@inproceedings{loshchilov2017decoupled,
  title={Decoupled Weight Decay Regularization},
  author={Loshchilov, Ilya and Hutter, Frank},
  booktitle={International Conference on Learning Representations},
  year={2019}
}

@inproceedings{reddi2018convergence,
  title={On the Convergence of Adam and Beyond},
  author={Reddi, Sashank J and Kale, Satyen and Kumar, Sanjiv},
  booktitle={International Conference on Learning Representations},
  year={2018}
}

@article{goyal2017accurate,
  title={Accurate, large minibatch sgd: Training imagenet in 1 hour},
  author={Goyal, Priya and Doll{\'a}r, Piotr and Girshick, Ross and Noordhuis, Pieter and Wesolowski, Lukasz and Kyrola, Aapo and Tulloch, Andrew and Jia, Yangqing and He, Kaiming},
  journal={arXiv preprint arXiv:1706.02677},
  year={2017}
}

@inproceedings{loshchilov2016sgdr,
  title={SGDR: Stochastic Gradient Descent with Warm Restarts},
  author={Loshchilov, Ilya and Hutter, Frank},
  booktitle={International Conference on Learning Representations},
  year={2017}
}

@article{srivastava2014dropout,
  title={Dropout: a simple way to prevent neural networks from overfitting},
  author={Srivastava, Nitish and Hinton, Geoffrey and Krizhevsky, Alex and Sutskever, Ilya and Salakhutdinov, Ruslan},
  journal={The Journal of Machine Learning Research},
  volume={15},
  number={1},
  pages={1929--1958},
  year={2014},
  publisher={JMLR. org}
}

@article{graves2013generating,
  title={Generating sequences with recurrent neural networks},
  author={Graves, Alex},
  journal={arXiv preprint arXiv:1308.0850},
  year={2013}
}

@inproceedings{kingma2014adam,
  title={Adam: A method for stochastic optimization},
  author={Kingma, Diederik P and Ba, Jimmy},
  booktitle={International Conference on Learning Representations},
  year={2015}
}

@article{lecun1989backpropagation,
  doi={10.1162/neco.1989.1.4.541},
  title={Backpropagation applied to handwritten zip code recognition},
  author={LeCun, Yann and Boser, Bernhard and Denker, John S and Henderson, Donnie and Howard, Richard E and Hubbard, Wayne and Jackel, Lawrence D},
  journal={Neural computation},
  volume={1},
  number={4},
  pages={541--551},
  year={1989},
  publisher={MIT Press}
}

@inproceedings{ioffe2015batch,
  title={Batch normalization: Accelerating deep network training by reducing internal covariate shift},
  author={Ioffe, Sergey and Szegedy, Christian},
  booktitle={International conference on machine learning},
  pages={448--456},
  year={2015},
  organization={pmlr}
}

@inproceedings{chen2016xgboost,
  doi={10.1145/2939672.2939785},
  title={Xgboost: A scalable tree boosting system},
  author={Chen, Tianqi and Guestrin, Carlos},
  booktitle={Proceedings of the 22nd acm sigkdd international conference on knowledge discovery and data mining},
  pages={785--794},
  year={2016}
}

@inproceedings{paszke2019pytorch,
  title={PyTorch: an imperative style, high-performance deep learning library},
  author={Paszke, Adam and Gross, Sam and Massa, Francisco and Lerer, Adam and Bradbury, James and Chanan, Gregory and Killeen, Trevor and Lin, Zeming and Gimelshein, Natalia and Antiga, Luca and others},
  booktitle={Proceedings of the 33rd International Conference on Neural Information Processing Systems},
  pages={8026--8037},
  year={2019}
}

@article{pedregosa2011scikit,
  title={Scikit-learn: Machine Learning in Python},
  author={Pedregosa, Fabian and Varoquaux, Ga{\"e}l and Gramfort, Alexandre and Michel, Vincent and Thirion, Bertrand and Grisel, Olivier and Blondel, Mathieu and Prettenhofer, Peter and Weiss, Ron and Dubourg, Vincent and others},
  journal={The Journal of Machine Learning Research},
  volume={12},
  pages={2825--2830},
  year={2011},
  publisher={JMLR. org}
}

@inproceedings{li2021structure,
  doi={10.1145/3447548.3467311},
  title={Structure-aware interactive graph neural networks for the prediction of protein-ligand binding affinity},
  author={Li, Shuangli and Zhou, Jingbo and Xu, Tong and Huang, Liang and Wang, Fan and Xiong, Haoyi and Huang, Weili and Dou, Dejing and Xiong, Hui},
  booktitle={Proceedings of the 27th ACM SIGKDD Conference on Knowledge Discovery \& Data Mining},
  pages={975--985},
  year={2021}
}

@inproceedings{widrich2020modern,
  title={Modern hopfield networks and attention for immune repertoire classification},
  author={Widrich, Michael and Sch{\"a}fl, Bernhard and Pavlovi{\'c}, Milena and Ramsauer, Hubert and Gruber, Lukas and Holzleitner, Markus and Brandstetter, Johannes and Sandve, Geir Kjetil and Greiff, Victor and Hochreiter, Sepp and others},
  booktitle={Proceedings of the 34th International Conference on Neural Information Processing Systems},
  pages={18832--18845},
  year={2020}
}





@article{potocnakova2016introduction,
  doi={10.1155/2016/6760830},
  title={An introduction to B-cell epitope mapping and in silico epitope prediction},
  author={Potocnakova, Lenka and Bhide, Mangesh and Pulzova, Lucia Borszekova},
  journal={Journal of immunology research},
  volume={2016},
  year={2016},
  publisher={Hindawi}
}

@article{sanchez2017fundamentals,
  doi={10.1155/2017/2680160},
  title={Fundamentals and methods for T-and B-cell epitope prediction},
  author={Sanchez-Trincado, Jose L and Gomez-Perosanz, Marta and Reche, Pedro A and others},
  journal={Journal of immunology research},
  volume={2017},
  year={2017},
  publisher={Hindawi}
}

@article{galanis2021linear,
  doi={10.3390/ijms22063210},
  title={Linear B-cell epitope prediction for in silico vaccine design: A performance review of methods available via command-line interface},
  author={Galanis, Kosmas A and Nastou, Katerina C and Papandreou, Nikos C and Petichakis, Georgios N and Pigis, Diomidis G and Iconomidou, Vassiliki A},
  journal={International journal of molecular sciences},
  volume={22},
  number={6},
  pages={3210},
  year={2021},
  publisher={MDPI}
}

@article{collatz2021epidope,
  doi={10.1093/bioinformatics/btaa773},
  title={EpiDope: a deep neural network for linear B-cell epitope prediction},
  author={Collatz, Maximilian and Mock, Florian and Barth, Emanuel and H{\"o}lzer, Martin and Sachse, Konrad and Marz, Manja},
  journal={Bioinformatics},
  volume={37},
  number={4},
  pages={448--455},
  year={2021},
  publisher={Oxford University Press}
}

@article{bahai2021epitopevec,
  doi={10.1093/bioinformatics/btab467},
  title={EpitopeVec: linear epitope prediction using deep protein sequence embeddings},
  author={Bahai, Akash and Asgari, Ehsaneddin and Mofrad, Mohammad RK and Kloetgen, Andreas and McHardy, Alice C},
  journal={Bioinformatics},
  volume={37},
  number={23},
  pages={4517--4525},
  year={2021},
  publisher={Oxford University Press}
}

@article{clifford2022bepipred,
  doi={10.1002/pro.4497},
  title={BepiPred-3.0: Improved B-cell epitope prediction using protein language models},
  author={Clifford, Joakim and H{\o}ie, Magnus Haraldson and Deleuran, Sebastian and Peters, Bjoern and Nielsen, Morten and Marcatili, Paolo},
  journal={Protein Science},
  pages={e4497},
  year={2022},
  publisher={Wiley Online Library}
}

@book{kuby,
  author = {Punt, Jenni},
  edition = {Eighth},
  isbn = {9781319114701},
  publisher = {W. H. Freeman and Company},
  title = {Kuby immunology},
  year = {2019},
}

@article{gupta2013identification,
  doi={10.1186/1745-6150-8-27},
  title={Identification of B-cell epitopes in an antigen for inducing specific class of antibodies},
  author={Gupta, Sudheer and Ansari, Hifzur Rahman and Gautam, Ankur and Raghava, Gajendra PS},
  journal={Biology direct},
  volume={8},
  number={1},
  pages={1--15},
  year={2013},
  publisher={BioMed Central}
}

@article{kadam2021antibody,
  doi={10.3389/fbinf.2021.709951},
  title={Antibody Class (es) Predictor for Epitopes (AbCPE): A Multi-Label Classification Algorithm},
  author={Kadam, Kiran and Peerzada, Noor and Karbhal, Rajiv and Sawant, Sangeeta and Valadi, Jayaraman and Kulkarni-Kale, Urmila},
  journal={Frontiers in Bioinformatics},
  pages={37},
  year={2021},
  publisher={Frontiers}
}

@article{vita2019immune,
  doi={10.1093/nar/gky1006},
  title={The immune epitope database (IEDB): 2018 update},
  author={Vita, Randi and Mahajan, Swapnil and Overton, James A and Dhanda, Sandeep Kumar and Martini, Sheridan and Cantrell, Jason R and Wheeler, Daniel K and Sette, Alessandro and Peters, Bjoern},
  journal={Nucleic acids research},
  volume={47},
  number={D1},
  pages={D339--D343},
  year={2019},
  publisher={Oxford University Press}
}

@article{singh2013improved,
  doi={10.1371/journal.pone.0062216},
  title={Improved method for linear B-cell epitope prediction using antigen’s primary sequence},
  author={Singh, Harinder and Ansari, Hifzur Rahman and Raghava, Gajendra PS},
  journal={PloS one},
  volume={8},
  number={5},
  pages={e62216},
  year={2013},
  publisher={Public Library of Science San Francisco, USA}
}

@article{jespersen2017bepipred,
  doi={10.1093/nar/gkx346},
  title={BepiPred-2.0: improving sequence-based B-cell epitope prediction using conformational epitopes},
  author={Jespersen, Martin Closter and Peters, Bjoern and Nielsen, Morten and Marcatili, Paolo},
  journal={Nucleic acids research},
  volume={45},
  number={W1},
  pages={W24--W29},
  year={2017},
  publisher={Oxford University Press}
}

@article{manavalan2018ibce,
  doi={10.3389/fimmu.2018.01695},
  title={iBCE-EL: a new ensemble learning framework for improved linear B-cell epitope prediction},
  author={Manavalan, Balachandran and Govindaraj, Rajiv Gandhi and Shin, Tae Hwan and Kim, Myeong Ok and Lee, Gwang},
  journal={Frontiers in immunology},
  volume={9},
  pages={1695},
  year={2018},
  publisher={Frontiers Media SA}
}

@article{liu2020deep,
  doi={10.1186/s13040-020-00211-0},
  title={Deep learning methods improve linear B-cell epitope prediction},
  author={Liu, Tao and Shi, Kaiwen and Li, Wuju},
  journal={BioData mining},
  volume={13},
  number={1},
  pages={1--13},
  year={2020},
  publisher={BioMed Central}
}

@article{xu2022netbce,
  doi={10.1016/j.gpb.2022.11.009},
  title={NetBCE: An Interpretable Deep Neural Network for Accurate Prediction of Linear B-Cell Epitopes},
  author={Xu, Haodong and Zhao, Zhongming},
  journal={Genomics, Proteomics \& Bioinformatics},
  year={2022},
  publisher={Elsevier}
}

@article{ofer2021language,
  doi={10.1016/j.csbj.2021.03.022},
  title={The language of proteins: NLP, machine learning \& protein sequences},
  author={Ofer, Dan and Brandes, Nadav and Linial, Michal},
  journal={Computational and Structural Biotechnology Journal},
  volume={19},
  pages={1750--1758},
  year={2021},
  publisher={Elsevier}
}

@article{teufel2022signalp,
  doi={10.1038/s41587-021-01156-3},
  title={SignalP 6.0 predicts all five types of signal peptides using protein language models},
  author={Teufel, Felix and Almagro Armenteros, Jos{\'e} Juan and Johansen, Alexander Rosenberg and G{\'\i}slason, Magn{\'u}s Halld{\'o}r and Pihl, Silas Irby and Tsirigos, Konstantinos D and Winther, Ole and Brunak, S{\o}ren and von Heijne, Gunnar and Nielsen, Henrik},
  journal={Nature biotechnology},
  volume={40},
  number={7},
  pages={1023--1025},
  year={2022},
  publisher={Nature Publishing Group US New York}
}

@article{ma2022identification,
  doi={10.1038/s41587-022-01226-0},
  title={Identification of antimicrobial peptides from the human gut microbiome using deep learning},
  author={Ma, Yue and Guo, Zhengyan and Xia, Binbin and Zhang, Yuwei and Liu, Xiaolin and Yu, Ying and Tang, Na and Tong, Xiaomei and Wang, Min and Ye, Xin and others},
  journal={Nature Biotechnology},
  volume={40},
  number={6},
  pages={921--931},
  year={2022},
  publisher={Nature Publishing Group US New York}
}

@article{thumuluri2022deeploc,
  doi={10.1093/nar/gkac278},
  title={DeepLoc 2.0: multi-label subcellular localization prediction using protein language models},
  author={Thumuluri, Vineet and Almagro Armenteros, Jos{\'e} Juan and Johansen, Alexander Rosenberg and Nielsen, Henrik and Winther, Ole},
  journal={Nucleic acids research},
  volume={50},
  number={W1},
  pages={W228--W234},
  year={2022},
  publisher={Oxford University Press}
}

@article{lecun2015deep,
  doi={10.1038/nature14539},
  title={Deep learning},
  author={LeCun, Yann and Bengio, Yoshua and Hinton, Geoffrey},
  journal={nature},
  volume={521},
  number={7553},
  pages={436--444},
  year={2015},
  publisher={Nature Publishing Group}
}

@article{pearson2013selecting,
  doi={10.1002/0471250953.bi0305s43},
  title={Selecting the right similarity-scoring matrix},
  author={Pearson, William R},
  journal={Current protocols in bioinformatics},
  volume={43},
  number={1},
  pages={3--5},
  year={2013},
  publisher={Wiley Online Library}
}

@article{fu2012cd,
  doi={10.1093/bioinformatics/bts565},
  title={CD-HIT: accelerated for clustering the next-generation sequencing data},
  author={Fu, Limin and Niu, Beifang and Zhu, Zhengwei and Wu, Sitao and Li, Weizhong},
  journal={Bioinformatics},
  volume={28},
  number={23},
  pages={3150--3152},
  year={2012},
  publisher={Oxford University Press}
}

@article{rahman2016inadequate,
  doi={10.1074/jbc.M116.729020},
  title={Inadequate reference datasets biased toward short non-epitopes confound B-cell epitope prediction},
  author={Rahman, Kh Shamsur and Chowdhury, Erfan Ullah and Sachse, Konrad and Kaltenboeck, Bernhard},
  journal={Journal of Biological Chemistry},
  volume={291},
  number={28},
  pages={14585--14599},
  year={2016},
  publisher={ASBMB}
}

@article{ashford2021organism,
  doi={10.1093/bioinformatics/btab536},
  title={Organism-specific training improves performance of linear B-cell epitope prediction},
  author={Ashford, Jodie and Reis-Cunha, Joao and Lobo, Igor and Lobo, Francisco and Campelo, Felipe},
  journal={Bioinformatics},
  volume={37},
  number={24},
  pages={4826--4834},
  year={2021},
  publisher={Oxford University Press}
}
